
@inproceedings{DBLP:conf-acl-Moosavi016,
  author    = {Nafise Sadat Moosavi and Michael Strube},
  title     = {Which Coreference Evaluation Metric Do You Trust? {A} Proposal for
               a Link-based Entity Aware Metric},
  booktitle = {Proceedings of the 54th Annual Meeting of the Association for Computational
               Linguistics, {ACL} 2016, August 7-12, 2016, Berlin, Germany, Volume
               1: Long Papers},
  year      = {2016},
  XXXcrossref  = {DBLP:conf/acl/2016-1},
  url       = {http://aclweb.org/anthology/P/P16/P16-1060.pdf},
  timestamp = {Mon, 15 Aug 2016 20:10:51 +0200},
  biburl    = {http://dblp.uni-trier.de/rec/bib/conf/acl/Moosavi016},
  bibsource = {dblp computer science bibliography, http://dblp.org}
}

@inproceedings{Crawley:ea:2010,
 author = {Crawley, B. and Wagner, G.},
 title = {{Desktop Text Mining for Law Enforcement}},
 booktitle = {{Proceedings of IEEE International Conference on Intelligence and Security Informatics, ISI 2010, Vancouver, BC, Canada, 23--26 May, 2010}},
 year = {2010}
}

@book{Aho:72,
    author  = {Alfred V. Aho and Jeffrey D. Ullman},
    title   = {The Theory of Parsing, Translation and Compiling},
    year    = "1972",
    volume  = "1",
    publisher = {Prentice-Hall},
    address = {Englewood Cliffs, NJ}
}


@book{APA:83,
    author  = {{American Psychological Association}},
    title   = {Publications Manual},
    year    = "1983",
   publisher = {American Psychological Association},
   address = {Washington, DC}
}

@incollection{ACM:83,
	author = {Association for Computing Machinery},
	year = "1983",
	booktitle = {Computing Reviews},
	volume = "24",
	number = "11",
	pages = "503--512"
}

@article{Chandra:81,
	author = {Ashok K. Chandra and Dexter C. Kozen and Larry J. Stockmeyer},
	year = "1981",
	title = {Alternation},
	journal = {Journal of the Association for Computing Machinery},
	volume = "28",
	number = "1",
	pages = "114--133"
}


@book{Gusfield:97,
    author  = {Dan Gusfield},
    title   = {Algorithms on Strings, Trees and Sequences},
    year    = "1997",
    publisher = {Cambridge University Press},
    address = {Cambridge, UK}
}
