

@inproceedings{nivre16,
  title={Universal {Dependencies} v1: A Multilingual Treebank Collection},
  author={Nivre, Joakim and de Marneffe, Marie-Catherine and Ginter, Filip and Goldberg, Yoav and Hajic, Jan and Manning, Christopher D. and McDonald, Ryan and Petrov, Slav and Pyysalo, Sampo and Silveira, Natalia and Tsarfaty, Reut and Zeman, Daniel},
  booktitle={Proceedings of the 10th International Conference on Language Resources and Evaluation (LREC 2016)},
  pages={1659--1666},
  year={2016}
}

@book{sogaard13,
  author =        {S{\o}gaard, Anders},
  publisher =     {Morgan \& Claypool Publishers},
  series =        {Synthesis Lectures on Human Language Technologies},
  title =         {Semi-Supervised Learning and Domain Adaptation in
                   Natural Language Processing},
  year =          {2013},
}

@inproceedings{raina07,
  title={Self-taught Learning: Transfer Learning from Unlabeled Data},
  author={Raina, Rajat and Battle, Alexis and Lee, Honglak and Packer, Benjamin and Ng, Andrew Y.},
  booktitle={Proceedings of the 24th international conference on Machine learning},
  pages={759--766},
  year={2007},
  organization={ACM}
}

@article{rios16,
  title={Language Adaptation for Extending Post-Editing Estimates for Closely Related Languages},
  author={Rios, Miguel and Sharoff, Serge},
  journal={The Prague Bulletin of Mathematical Linguistics},
  volume={106},
  number={1},
  pages={181--192},
  year={2016}
}

@inproceedings{feldman06,
  author =        {Anna Feldman and Jirka Hana and Chris Brew},
  booktitle =     {Proceedings of the 5th International Conference on Language Resources and Evaluation (LREC 2006)},
  title =         {A cross-language approach to rapid creation of new
                   morpho-syntactically annotated resources},
  year =          {2006},
  address =       {Genoa, Italy},
  pages = {549-554},
  url =           {http://www.ling.ohio-state.edu/~hana/biblio/
                  feldmanHanaBrew2006-lrec.pdf},
}

@inproceedings{reddy11kannada,
  title={Cross language {POS} taggers (and other tools) for {Indian} languages: An experiment with {Kannada} using {Telugu} resources},
  author={Reddy, Siva and Sharoff, Serge},
  booktitle={Proceedings of the Fifth International Workshop On Cross Lingual Information Access},
  pages={11--19},
  year={2011}
}

@inproceedings{babych07-mtsummit,
  address =       {Copenhagen},
  author =        {Babych, Bogdan and Hartley, Anthony and
                   Sharoff, Serge},
  booktitle={Proceedings of MT Summit XI},
  pages =         {412--418},
  title =         {Translating from under-resourced languages: comparing
                   direct transfer against pivot translation},
  year =          {2007},
}

@inproceedings{upadhyay16,
  address =       {Berlin, Germany},
  author =        {Upadhyay, Shyam and Faruqui, Manaal and Dyer, Chris and
                   Roth, Dan},
  booktitle =     {Proceedings of the 54th Annual Meeting of the Association for Computational Linguistics},
  pages = {1661-1670},
  title =         {Cross-lingual Models of Word Embeddings: An Empirical
                   Comparison},
  year =          {2016},
}

@inproceedings{riedl15,
  address =       {Lisboa, Portugal},
  author =        {Martin Riedl and Chris Biemann},
  booktitle =     {Proceedings of the 2015 Conference on Empirical Methods in Natural Language Processing},
  pages =         {2430--2440},
  title =         {A Single Word is not Enough: Ranking Multiword
                   Expressions Using Distributional Semantics},
  year =          {2015},
  address =       {Lisbon, Portugal}
}

@inproceedings{lafferty01,
  title={Conditional random fields: Probabilistic models for segmenting and labeling sequence data},
  author={Lafferty, John and McCallum, Andrew and Pereira, Fernando},
  booktitle={Proceedings of the eighteenth international conference on machine learning, ICML},
  volume={1},
  pages={282--289},
  year={2001}
}

@inproceedings{benikova15,
  author =        {Darina Benikova and Seid Muhie Yimam and
                   Prabhakaran Santhanam and Chris Biemann},
  booktitle =     {Proceedings of the International Conference of the German Society for Computational Linguistics and Language Technology (GSCL 2015)},
  title =         {{GermaNER}: Free Open {German} Named Entity
                   Recognition Tool},
  pages = {31-38},
  address = {University of Duisburg-Essen, Germany}
  year =          {2015},
}

